%YAML 1.1
%TAG !u! tag:unity3d.com,2011:
--- !u!1 &740296683112057742
GameObject:
  m_ObjectHideFlags: 0
  m_CorrespondingSourceObject: {fileID: 0}
  m_PrefabInstance: {fileID: 0}
  m_PrefabAsset: {fileID: 0}
  serializedVersion: 6
  m_Component:
  - component: {fileID: 740296683112057737}
  - component: {fileID: 740296683112057736}
  m_Layer: 0
  m_Name: Slingshot
  m_TagString: Untagged
  m_Icon: {fileID: 0}
  m_NavMeshLayer: 0
  m_StaticEditorFlags: 0
  m_IsActive: 1
--- !u!4 &740296683112057737
Transform:
  m_ObjectHideFlags: 0
  m_CorrespondingSourceObject: {fileID: 0}
  m_PrefabInstance: {fileID: 0}
  m_PrefabAsset: {fileID: 0}
  m_GameObject: {fileID: 740296683112057742}
  m_LocalRotation: {x: 0, y: 0, z: 0, w: 1}
  m_LocalPosition: {x: -20.842718, y: -4.099908, z: 42.31086}
  m_LocalScale: {x: 1, y: 1, z: 1}
  m_Children:
  - {fileID: 5709644207287896337}
  m_Father: {fileID: 0}
  m_RootOrder: 0
  m_LocalEulerAnglesHint: {x: 0, y: 0, z: 0}
--- !u!114 &740296683112057736
MonoBehaviour:
  m_ObjectHideFlags: 0
  m_CorrespondingSourceObject: {fileID: 0}
  m_PrefabInstance: {fileID: 0}
  m_PrefabAsset: {fileID: 0}
  m_GameObject: {fileID: 740296683112057742}
  m_Enabled: 1
  m_EditorHideFlags: 0
  m_Script: {fileID: 11500000, guid: 898e99ee9ae528f4785a35cf8d0673f0, type: 3}
  m_Name: 
  m_EditorClassIdentifier: 
  Snowball: {fileID: 172186520843196558, guid: 13eea745eaf8afb419fd14a263a6c4e8, type: 3}
  Delay: 0.4
  Force: 800
--- !u!54 &740296683507327508
Rigidbody:
  m_ObjectHideFlags: 0
  m_CorrespondingSourceObject: {fileID: 0}
  m_PrefabInstance: {fileID: 0}
  m_PrefabAsset: {fileID: 0}
  m_GameObject: {fileID: 8748210387089226498}
  serializedVersion: 2
  m_Mass: 1
  m_Drag: 0
  m_AngularDrag: 0.05
  m_UseGravity: 1
  m_IsKinematic: 0
  m_Interpolate: 0
  m_Constraints: 0
  m_CollisionDetection: 0
--- !u!64 &740296683507327511
MeshCollider:
  m_ObjectHideFlags: 0
  m_CorrespondingSourceObject: {fileID: 0}
  m_PrefabInstance: {fileID: 0}
  m_PrefabAsset: {fileID: 0}
  m_GameObject: {fileID: 8748210387089226498}
  m_Material: {fileID: 0}
  m_IsTrigger: 0
  m_Enabled: 1
  serializedVersion: 3
  m_Convex: 1
  m_CookingOptions: 14
  m_Mesh: {fileID: 2534964839176971238, guid: 61213c38cf85d76429cd7164c49441a3, type: 3}
--- !u!1001 &740296683507327499
PrefabInstance:
  m_ObjectHideFlags: 0
  serializedVersion: 2
  m_Modification:
    m_TransformParent: {fileID: 740296683112057737}
    m_Modifications:
    - target: {fileID: -4216859302048453862, guid: 61213c38cf85d76429cd7164c49441a3,
        type: 3}
      propertyPath: m_LocalPosition.x
      value: 0
      objectReference: {fileID: 0}
    - target: {fileID: -4216859302048453862, guid: 61213c38cf85d76429cd7164c49441a3,
        type: 3}
      propertyPath: m_LocalPosition.y
      value: -0.427
      objectReference: {fileID: 0}
    - target: {fileID: -4216859302048453862, guid: 61213c38cf85d76429cd7164c49441a3,
        type: 3}
      propertyPath: m_LocalPosition.z
      value: 0
      objectReference: {fileID: 0}
    - target: {fileID: -4216859302048453862, guid: 61213c38cf85d76429cd7164c49441a3,
        type: 3}
      propertyPath: m_LocalRotation.x
      value: -0.5
      objectReference: {fileID: 0}
    - target: {fileID: -4216859302048453862, guid: 61213c38cf85d76429cd7164c49441a3,
        type: 3}
      propertyPath: m_LocalRotation.y
      value: 0.50000006
      objectReference: {fileID: 0}
    - target: {fileID: -4216859302048453862, guid: 61213c38cf85d76429cd7164c49441a3,
        type: 3}
      propertyPath: m_LocalRotation.z
      value: 0.50000006
      objectReference: {fileID: 0}
    - target: {fileID: -4216859302048453862, guid: 61213c38cf85d76429cd7164c49441a3,
        type: 3}
      propertyPath: m_LocalRotation.w
      value: 0.5
      objectReference: {fileID: 0}
    - target: {fileID: -4216859302048453862, guid: 61213c38cf85d76429cd7164c49441a3,
        type: 3}
      propertyPath: m_RootOrder
      value: 0
      objectReference: {fileID: 0}
    - target: {fileID: -4216859302048453862, guid: 61213c38cf85d76429cd7164c49441a3,
        type: 3}
      propertyPath: m_LocalEulerAnglesHint.x
      value: -90
      objectReference: {fileID: 0}
    - target: {fileID: -4216859302048453862, guid: 61213c38cf85d76429cd7164c49441a3,
        type: 3}
      propertyPath: m_LocalEulerAnglesHint.y
      value: 90.00001
      objectReference: {fileID: 0}
    - target: {fileID: -4216859302048453862, guid: 61213c38cf85d76429cd7164c49441a3,
        type: 3}
      propertyPath: m_LocalEulerAnglesHint.z
      value: 0
      objectReference: {fileID: 0}
    - target: {fileID: -4216859302048453862, guid: 61213c38cf85d76429cd7164c49441a3,
        type: 3}
      propertyPath: m_LocalScale.y
      value: 0.096233666
      objectReference: {fileID: 0}
    - target: {fileID: -4216859302048453862, guid: 61213c38cf85d76429cd7164c49441a3,
        type: 3}
      propertyPath: m_LocalScale.z
      value: 0.51983213
      objectReference: {fileID: 0}
    - target: {fileID: -4216859302048453862, guid: 61213c38cf85d76429cd7164c49441a3,
        type: 3}
      propertyPath: m_LocalScale.x
      value: 0.09623371
      objectReference: {fileID: 0}
    - target: {fileID: -927199367670048503, guid: 61213c38cf85d76429cd7164c49441a3,
        type: 3}
      propertyPath: m_Name
      value: slingshot
      objectReference: {fileID: 0}
    - target: {fileID: -927199367670048503, guid: 61213c38cf85d76429cd7164c49441a3,
        type: 3}
      propertyPath: m_TagString
      value: Weapon
      objectReference: {fileID: 0}
    m_RemovedComponents: []
  m_SourcePrefab: {fileID: 100100000, guid: 61213c38cf85d76429cd7164c49441a3, type: 3}
--- !u!1 &8748210387089226498 stripped
GameObject:
  m_CorrespondingSourceObject: {fileID: -927199367670048503, guid: 61213c38cf85d76429cd7164c49441a3,
    type: 3}
  m_PrefabInstance: {fileID: 740296683507327499}
  m_PrefabAsset: {fileID: 0}
--- !u!4 &5709644207287896337 stripped
Transform:
  m_CorrespondingSourceObject: {fileID: -4216859302048453862, guid: 61213c38cf85d76429cd7164c49441a3,
    type: 3}
  m_PrefabInstance: {fileID: 740296683507327499}
  m_PrefabAsset: {fileID: 0}
